<?xml version="1.0" encoding="UTF-8"?><collection xmlns="http://www.loc.gov/MARC21/slim"><record><leader>00340nam--2200133-i-4500</leader><controlfield tag="001">000001607</controlfield><controlfield tag="002">20161230</controlfield><controlfield tag="005">20161230201024</controlfield><controlfield tag="008">060222s1000------------r-----000-0-eng-d</controlfield><datafield ind1=" " ind2=" " tag="080"><subfield code="a">621.039.6</subfield></datafield><datafield ind1=" " ind2=" " tag="100"><subfield code="a">Glasstone, Samuel</subfield></datafield><datafield ind1=" " ind2=" " tag="245"><subfield code="a">Controlled nuclear fusion</subfield></datafield><datafield ind1=" " ind2=" " tag="260"><subfield code="a">Oak Ridge, Technical Information Center, 1974. 88 P</subfield></datafield><datafield ind1=" " ind2=" " tag="852"><subfield code="a">8490</subfield></datafield></record></collection>